<?xml version="1.0" encoding="UTF-8"?>
  <record xmlns="http://www.loc.gov/MARC21/slim" type="Authority">
    <leader>00000nz  a2200000nc 4500</leader>
    <controlfield tag="001">118599291</controlfield>
    <controlfield tag="003">DE-101</controlfield>
    <controlfield tag="005">20220310174358.0</controlfield>
    <controlfield tag="008">880701n||azznnaabn           | aaa    |c</controlfield>
    <datafield tag="024" ind1="7" ind2=" ">
      <subfield code="a">118599291</subfield>
      <subfield code="0">http://d-nb.info/gnd/118599291</subfield>
      <subfield code="2">gnd</subfield>
    </datafield>
    <datafield tag="035" ind1=" " ind2=" ">
      <subfield code="a">(DE-101)118599291</subfield>
    </datafield>
    <datafield tag="035" ind1=" " ind2=" ">
      <subfield code="a">(DE-588)118599291</subfield>
    </datafield>
    <datafield tag="035" ind1=" " ind2=" ">
      <subfield code="z">(DE-588)174128290</subfield>
    </datafield>
    <datafield tag="035" ind1=" " ind2=" ">
      <subfield code="z">(DE-588a)174128290</subfield>
      <subfield code="9">v:zg</subfield>
    </datafield>
    <datafield tag="035" ind1=" " ind2=" ">
      <subfield code="z">(DE-588)172328489</subfield>
    </datafield>
    <datafield tag="035" ind1=" " ind2=" ">
      <subfield code="z">(DE-588a)172328489</subfield>
      <subfield code="9">v:zg</subfield>
    </datafield>
    <datafield tag="035" ind1=" " ind2=" ">
      <subfield code="z">(DE-588a)118599291</subfield>
      <subfield code="9">v:zg</subfield>
    </datafield>
    <datafield tag="035" ind1=" " ind2=" ">
      <subfield code="z">(DE-588c)4049218-7</subfield>
      <subfield code="9">v:zg</subfield>
    </datafield>
    <datafield tag="040" ind1=" " ind2=" ">
      <subfield code="a">DE-101</subfield>
      <subfield code="c">DE-101</subfield>
      <subfield code="9">r:DE-101</subfield>
      <subfield code="b">ger</subfield>
      <subfield code="d">9999</subfield>
    </datafield>
    <datafield tag="042" ind1=" " ind2=" ">
      <subfield code="a">gnd1</subfield>
    </datafield>
    <datafield tag="043" ind1=" " ind2=" ">
      <subfield code="c">XA-DE</subfield>
    </datafield>
    <datafield tag="065" ind1=" " ind2=" ">
      <subfield code="a">3.6p</subfield>
      <subfield code="2">sswd</subfield>
    </datafield>
    <datafield tag="065" ind1=" " ind2=" ">
      <subfield code="a">4.7p</subfield>
      <subfield code="2">sswd</subfield>
    </datafield>
    <datafield tag="075" ind1=" " ind2=" ">
      <subfield code="b">p</subfield>
      <subfield code="2">gndgen</subfield>
    </datafield>
    <datafield tag="075" ind1=" " ind2=" ">
      <subfield code="b">piz</subfield>
      <subfield code="2">gndspec</subfield>
    </datafield>
    <datafield tag="079" ind1=" " ind2=" ">
      <subfield code="a">g</subfield>
      <subfield code="q">a</subfield>
      <subfield code="q">f</subfield>
      <subfield code="q">s</subfield>
      <subfield code="q">z</subfield>
      <subfield code="u">v</subfield>
      <subfield code="u">w</subfield>
      <subfield code="u">k</subfield>
    </datafield>
    <datafield tag="100" ind1="1" ind2=" ">
      <subfield code="a">Reimmann, Jacob Friedrich</subfield>
      <subfield code="d">1668-1743</subfield>
    </datafield>
    <datafield tag="375" ind1=" " ind2=" ">
      <subfield code="a">1</subfield>
      <subfield code="2">iso5218</subfield>
    </datafield>
    <datafield tag="400" ind1="1" ind2=" ">
      <subfield code="a">Reimmann, Jakob Friedrich Johann</subfield>
      <subfield code="d">1668-1743</subfield>
    </datafield>
    <datafield tag="400" ind1="1" ind2=" ">
      <subfield code="a">Reimmann, Jacob Friederich</subfield>
      <subfield code="d">1668-1743</subfield>
    </datafield>
    <datafield tag="400" ind1="1" ind2=" ">
      <subfield code="a">Reimmann, Jacob Friderich</subfield>
      <subfield code="d">1668-1743</subfield>
    </datafield>
    <datafield tag="400" ind1="1" ind2=" ">
      <subfield code="a">Reimmann, Jacob Fridrich</subfield>
      <subfield code="d">1668-1743</subfield>
    </datafield>
    <datafield tag="400" ind1="1" ind2=" ">
      <subfield code="a">Reimmann, Jacob F.</subfield>
      <subfield code="d">1668-1743</subfield>
    </datafield>
    <datafield tag="400" ind1="1" ind2=" ">
      <subfield code="a">Reimmann, Jakob F.</subfield>
      <subfield code="d">1668-1743</subfield>
    </datafield>
    <datafield tag="400" ind1="1" ind2=" ">
      <subfield code="a">Reimmann, Jacobus Fridericus</subfield>
      <subfield code="d">1668-1743</subfield>
    </datafield>
    <datafield tag="400" ind1="1" ind2=" ">
      <subfield code="a">Reimmannus, Jacobus Fridericus</subfield>
      <subfield code="d">1668-1743</subfield>
    </datafield>
    <datafield tag="400" ind1="1" ind2=" ">
      <subfield code="a">Reimmannus, Iacobus Fridericus</subfield>
      <subfield code="d">1668-1743</subfield>
    </datafield>
    <datafield tag="400" ind1="1" ind2=" ">
      <subfield code="a">Reimmannus, Jocobus Fridericus</subfield>
      <subfield code="d">1668-1743</subfield>
    </datafield>
    <datafield tag="400" ind1="1" ind2=" ">
      <subfield code="a">Reimmannus, Jacobus F.</subfield>
      <subfield code="d">1668-1743</subfield>
    </datafield>
    <datafield tag="400" ind1="1" ind2=" ">
      <subfield code="a">Reimmannus, J. F.</subfield>
      <subfield code="d">1668-1743</subfield>
    </datafield>
    <datafield tag="400" ind1="1" ind2=" ">
      <subfield code="a">Reimmannius, Jacobus Fridericus</subfield>
      <subfield code="d">1668-1743</subfield>
    </datafield>
    <datafield tag="400" ind1="1" ind2=" ">
      <subfield code="a">Reimmannius, Jacobus F.</subfield>
      <subfield code="d">1668-1743</subfield>
    </datafield>
    <datafield tag="400" ind1="1" ind2=" ">
      <subfield code="a">Reimman, Jacob Friedrich</subfield>
      <subfield code="d">1668-1743</subfield>
    </datafield>
    <datafield tag="400" ind1="1" ind2=" ">
      <subfield code="a">Reimman, Jacob Friederich</subfield>
      <subfield code="d">1668-1743</subfield>
    </datafield>
    <datafield tag="400" ind1="1" ind2=" ">
      <subfield code="a">Reimman, Jacob Friderich</subfield>
      <subfield code="d">1668-1743</subfield>
    </datafield>
    <datafield tag="400" ind1="1" ind2=" ">
      <subfield code="a">Reimman, Jacob F.</subfield>
      <subfield code="d">1668-1743</subfield>
    </datafield>
    <datafield tag="400" ind1="1" ind2=" ">
      <subfield code="a">Reimann, Jacob Friedrich</subfield>
      <subfield code="d">1668-1743</subfield>
    </datafield>
    <datafield tag="400" ind1="1" ind2=" ">
      <subfield code="a">Reimann, Jacob Friederich</subfield>
      <subfield code="d">1668-1743</subfield>
    </datafield>
    <datafield tag="400" ind1="1" ind2=" ">
      <subfield code="a">Reimann, Jacob F.</subfield>
      <subfield code="d">1668-1743</subfield>
    </datafield>
    <datafield tag="400" ind1="1" ind2=" ">
      <subfield code="a">Reimannus, Jacobus Fridericus</subfield>
      <subfield code="d">1668-1743</subfield>
    </datafield>
    <datafield tag="400" ind1="1" ind2=" ">
      <subfield code="a">Reimannus, Iac. Frid.</subfield>
      <subfield code="d">1668-1743</subfield>
    </datafield>
    <datafield tag="400" ind1="0" ind2=" ">
      <subfield code="a">J. F. R.</subfield>
      <subfield code="d">1668-1743</subfield>
    </datafield>
    <datafield tag="400" ind1="1" ind2=" ">
      <subfield code="a">Reimann, Jakob Friedrich</subfield>
      <subfield code="d">1668-1743</subfield>
    </datafield>
    <datafield tag="400" ind1="1" ind2=" ">
      <subfield code="a">Reimmann, Jakob Friedrich</subfield>
      <subfield code="d">1668-1743</subfield>
    </datafield>
    <datafield tag="400" ind1="1" ind2=" ">
      <subfield code="a">Reimann, J... F...</subfield>
      <subfield code="d">1668-1743</subfield>
      <subfield code="5">DE-18</subfield>
    </datafield>
    <datafield tag="500" ind1="1" ind2=" ">
      <subfield code="0">(DE-101)1038043522</subfield>
      <subfield code="0">(DE-588)1038043522</subfield>
      <subfield code="0">https://d-nb.info/gnd/1038043522</subfield>
      <subfield code="a">Reimmann, Johann Wilhelm</subfield>
      <subfield code="d">1712-1773</subfield>
      <subfield code="4">bezf</subfield>
      <subfield code="4">https://d-nb.info/standards/elementset/gnd#familialRelationship</subfield>
      <subfield code="w">r</subfield>
      <subfield code="i">Beziehung familiaer</subfield>
      <subfield code="e">Beziehung familiaer</subfield>
      <subfield code="9">v:Sohn</subfield>
    </datafield>
    <datafield tag="548" ind1=" " ind2=" ">
      <subfield code="a">22.01.1668-01.02.1743</subfield>
      <subfield code="4">datx</subfield>
      <subfield code="4">https://d-nb.info/standards/elementset/gnd#dateOfBirthAndDeath</subfield>
      <subfield code="w">r</subfield>
      <subfield code="i">Exakte Lebensdaten</subfield>
    </datafield>
    <datafield tag="548" ind1=" " ind2=" ">
      <subfield code="a">1668-1743</subfield>
      <subfield code="4">datl</subfield>
      <subfield code="4">https://d-nb.info/standards/elementset/gnd#dateOfBirthAndDeath</subfield>
      <subfield code="w">r</subfield>
      <subfield code="i">Lebensdaten</subfield>
    </datafield>
    <datafield tag="550" ind1=" " ind2=" ">
      <subfield code="0">(DE-101)040158829</subfield>
      <subfield code="0">(DE-588)4015882-2</subfield>
      <subfield code="0">https://d-nb.info/gnd/4015882-2</subfield>
      <subfield code="a">Evangelischer Theologe</subfield>
      <subfield code="4">berc</subfield>
      <subfield code="4">https://d-nb.info/standards/elementset/gnd#professionOrOccupation</subfield>
      <subfield code="w">r</subfield>
      <subfield code="i">Charakteristischer Beruf</subfield>
    </datafield>
    <datafield tag="550" ind1=" " ind2=" ">
      <subfield code="0">(DE-101)041325923</subfield>
      <subfield code="0">(DE-588)4132592-8</subfield>
      <subfield code="0">https://d-nb.info/gnd/4132592-8</subfield>
      <subfield code="a">Pfarrer</subfield>
      <subfield code="4">beru</subfield>
      <subfield code="4">https://d-nb.info/standards/elementset/gnd#professionOrOccupation</subfield>
      <subfield code="w">r</subfield>
      <subfield code="i">Beruf</subfield>
    </datafield>
    <datafield tag="550" ind1=" " ind2=" ">
      <subfield code="0">(DE-101)041841107</subfield>
      <subfield code="0">(DE-588)4184110-4</subfield>
      <subfield code="0">https://d-nb.info/gnd/4184110-4</subfield>
      <subfield code="a">Superintendent</subfield>
      <subfield code="4">beru</subfield>
      <subfield code="4">https://d-nb.info/standards/elementset/gnd#professionOrOccupation</subfield>
      <subfield code="w">r</subfield>
      <subfield code="i">Beruf</subfield>
    </datafield>
    <datafield tag="550" ind1=" " ind2=" ">
      <subfield code="0">(DE-101)041585895</subfield>
      <subfield code="0">(DE-588)4158589-6</subfield>
      <subfield code="0">https://d-nb.info/gnd/4158589-6</subfield>
      <subfield code="a">Gymnasiallehrer</subfield>
      <subfield code="4">beru</subfield>
      <subfield code="4">https://d-nb.info/standards/elementset/gnd#professionOrOccupation</subfield>
      <subfield code="w">r</subfield>
      <subfield code="i">Beruf</subfield>
    </datafield>
    <datafield tag="550" ind1=" " ind2=" ">
      <subfield code="0">(DE-101)041992369</subfield>
      <subfield code="0">(DE-588)4199236-2</subfield>
      <subfield code="0">https://d-nb.info/gnd/4199236-2</subfield>
      <subfield code="a">Philologe</subfield>
      <subfield code="4">beru</subfield>
      <subfield code="4">https://d-nb.info/standards/elementset/gnd#professionOrOccupation</subfield>
      <subfield code="w">r</subfield>
      <subfield code="i">Beruf</subfield>
    </datafield>
    <datafield tag="550" ind1=" " ind2=" ">
      <subfield code="0">(DE-101)040250989</subfield>
      <subfield code="0">(DE-588)4025098-2</subfield>
      <subfield code="0">https://d-nb.info/gnd/4025098-2</subfield>
      <subfield code="a">Historiker</subfield>
      <subfield code="4">beru</subfield>
      <subfield code="4">https://d-nb.info/standards/elementset/gnd#professionOrOccupation</subfield>
      <subfield code="w">r</subfield>
      <subfield code="i">Beruf</subfield>
    </datafield>
    <datafield tag="550" ind1=" " ind2=" ">
      <subfield code="0">(DE-101)953797732</subfield>
      <subfield code="0">(DE-588)4504156-8</subfield>
      <subfield code="0">https://d-nb.info/gnd/4504156-8</subfield>
      <subfield code="a">Polyhistor</subfield>
      <subfield code="4">beru</subfield>
      <subfield code="4">https://d-nb.info/standards/elementset/gnd#professionOrOccupation</subfield>
      <subfield code="w">r</subfield>
      <subfield code="i">Beruf</subfield>
    </datafield>
    <datafield tag="550" ind1=" " ind2=" ">
      <subfield code="0">(DE-101)040457907</subfield>
      <subfield code="0">(DE-588)4045790-4</subfield>
      <subfield code="0">https://d-nb.info/gnd/4045790-4</subfield>
      <subfield code="a">Philosoph</subfield>
      <subfield code="4">beru</subfield>
      <subfield code="4">https://d-nb.info/standards/elementset/gnd#professionOrOccupation</subfield>
      <subfield code="w">r</subfield>
      <subfield code="i">Beruf</subfield>
    </datafield>
    <datafield tag="550" ind1=" " ind2=" ">
      <subfield code="a">Superintendent in Hildesheim</subfield>
      <subfield code="4">beru</subfield>
      <subfield code="4">https://d-nb.info/standards/elementset/gnd#professionOrOccupation</subfield>
      <subfield code="w">r</subfield>
      <subfield code="i">Beruf</subfield>
    </datafield>
    <datafield tag="551" ind1=" " ind2=" ">
      <subfield code="0">(DE-101)940582686</subfield>
      <subfield code="0">(DE-588)4333297-3</subfield>
      <subfield code="0">https://d-nb.info/gnd/4333297-3</subfield>
      <subfield code="a">Gröningen</subfield>
      <subfield code="4">ortg</subfield>
      <subfield code="4">https://d-nb.info/standards/elementset/gnd#placeOfBirth</subfield>
      <subfield code="w">r</subfield>
      <subfield code="i">Geburtsort</subfield>
    </datafield>
    <datafield tag="551" ind1=" " ind2=" ">
      <subfield code="0">(DE-101)04024881X</subfield>
      <subfield code="0">(DE-588)4024881-1</subfield>
      <subfield code="0">https://d-nb.info/gnd/4024881-1</subfield>
      <subfield code="a">Hildesheim</subfield>
      <subfield code="4">orts</subfield>
      <subfield code="4">https://d-nb.info/standards/elementset/gnd#placeOfDeath</subfield>
      <subfield code="w">r</subfield>
      <subfield code="i">Sterbeort</subfield>
    </datafield>
    <datafield tag="551" ind1=" " ind2=" ">
      <subfield code="0">(DE-101)04028557X</subfield>
      <subfield code="0">(DE-588)4028557-1</subfield>
      <subfield code="0">https://d-nb.info/gnd/4028557-1</subfield>
      <subfield code="a">Jena</subfield>
      <subfield code="4">ortw</subfield>
      <subfield code="4">https://d-nb.info/standards/elementset/gnd#placeOfActivity</subfield>
      <subfield code="w">r</subfield>
      <subfield code="i">Wirkungsort</subfield>
    </datafield>
    <datafield tag="551" ind1=" " ind2=" ">
      <subfield code="0">(DE-101)040229874</subfield>
      <subfield code="0">(DE-588)4022987-7</subfield>
      <subfield code="0">https://d-nb.info/gnd/4022987-7</subfield>
      <subfield code="a">Halberstadt</subfield>
      <subfield code="4">ortw</subfield>
      <subfield code="4">https://d-nb.info/standards/elementset/gnd#placeOfActivity</subfield>
      <subfield code="w">r</subfield>
      <subfield code="i">Wirkungsort</subfield>
    </datafield>
    <datafield tag="551" ind1=" " ind2=" ">
      <subfield code="0">(DE-101)04036934X</subfield>
      <subfield code="0">(DE-588)4036934-1</subfield>
      <subfield code="0">https://d-nb.info/gnd/4036934-1</subfield>
      <subfield code="a">Magdeburg</subfield>
      <subfield code="4">ortw</subfield>
      <subfield code="4">https://d-nb.info/standards/elementset/gnd#placeOfActivity</subfield>
      <subfield code="w">r</subfield>
      <subfield code="i">Wirkungsort</subfield>
    </datafield>
    <datafield tag="551" ind1=" " ind2=" ">
      <subfield code="0">(DE-101)04024881X</subfield>
      <subfield code="0">(DE-588)4024881-1</subfield>
      <subfield code="0">https://d-nb.info/gnd/4024881-1</subfield>
      <subfield code="a">Hildesheim</subfield>
      <subfield code="4">ortw</subfield>
      <subfield code="4">https://d-nb.info/standards/elementset/gnd#placeOfActivity</subfield>
      <subfield code="w">r</subfield>
      <subfield code="i">Wirkungsort</subfield>
    </datafield>
    <datafield tag="667" ind1=" " ind2=" ">
      <subfield code="a">NDSBIO</subfield>
    </datafield>
    <datafield tag="667" ind1=" " ind2=" ">
      <subfield code="a">3</subfield>
    </datafield>
    <datafield tag="667" ind1=" " ind2=" ">
      <subfield code="a">7</subfield>
    </datafield>
    <datafield tag="667" ind1=" " ind2=" ">
      <subfield code="a">12</subfield>
    </datafield>
    <datafield tag="667" ind1=" " ind2=" ">
      <subfield code="a">384</subfield>
    </datafield>
    <datafield tag="667" ind1=" " ind2=" ">
      <subfield code="a">VD-17</subfield>
    </datafield>
    <datafield tag="667" ind1=" " ind2=" ">
      <subfield code="a">VD-18</subfield>
    </datafield>
    <datafield tag="670" ind1=" " ind2=" ">
      <subfield code="a">LCAuth</subfield>
    </datafield>
    <datafield tag="670" ind1=" " ind2=" ">
      <subfield code="a">Db I 1014,1-65, III 736,352-354</subfield>
    </datafield>
    <datafield tag="670" ind1=" " ind2=" ">
      <subfield code="a">Pfarrerbuch der Kirchenprovinz Sachsen, Bd. 7, S. 93</subfield>
    </datafield>
    <datafield tag="670" ind1=" " ind2=" ">
      <subfield code="a">NDB/ADB</subfield>
      <subfield code="u">https://www.deutsche-biographie.de/gnd118599291.html#ndbcontent</subfield>
    </datafield>
    <datafield tag="670" ind1=" " ind2=" ">
      <subfield code="a">Wikipedia</subfield>
      <subfield code="u">https://de.wikipedia.org/wiki/Jacob_Friedrich_Reimmann</subfield>
    </datafield>
    <datafield tag="670" ind1=" " ind2=" ">
      <subfield code="a">Supellex epistolica Uffenbachii et Wolfiorum = Katalog der Uffenbach-Wolfschen Briefsammlung / hrsg. u. bearb. von Nilüfer Krüger. - Hamburg : Hauswedell, 1978. 2 Bde. - (Katalog der Handschriften der Staats- und Universitätsbibliothek Hamburg ; 8)</subfield>
    </datafield>
    <datafield tag="672" ind1=" " ind2="0">
      <subfield code="a">Reimmann, Jacob F.: Idea systematis antiquitatis literariae generalioris et specialioris</subfield>
      <subfield code="f">1718</subfield>
    </datafield>
    <datafield tag="672" ind1=" " ind2="0">
      <subfield code="a">Reimmann, Jacob F.: Poesis Germanorum canonica et apocrypha ..</subfield>
      <subfield code="f">1703</subfield>
    </datafield>
    <datafield tag="672" ind1=" " ind2="0">
      <subfield code="a">Reimmann, Jacob F.: Historia universalis atheismi et atheorum falso ..</subfield>
      <subfield code="f">1725</subfield>
    </datafield>
    <datafield tag="672" ind1=" " ind2="0">
      <subfield code="a">Reimmann, Jacob F.: Diatribe anti-critica</subfield>
      <subfield code="f">1726</subfield>
    </datafield>
    <datafield tag="672" ind1=" " ind2="0">
      <subfield code="a">Reimmann, Jacob F.: Idea systematis antiquitatis literariae generalioris et specialioris ..</subfield>
      <subfield code="f">1718</subfield>
    </datafield>
    <datafield tag="672" ind1=" " ind2="0">
      <subfield code="a">Reimmann, Jacob F.: Historiae literariae exotericae et acroamaticae particula. - s.a.</subfield>
    </datafield>
    <datafield tag="672" ind1=" " ind2="0">
      <subfield code="a">Reimmann, Jacob F.: Grundriss der Halberstädtischen Historie...</subfield>
      <subfield code="f">1702</subfield>
    </datafield>
    <datafield tag="672" ind1=" " ind2="0">
      <subfield code="a">Reimmann, Jacob F.: Catalogi bibliothecae Reimannianae</subfield>
    </datafield>
    <datafield tag="672" ind1=" " ind2="0">
      <subfield code="a">Reimmann, Jacob F.: Ilias post Homerum</subfield>
      <subfield code="f">1728</subfield>
    </datafield>
    <datafield tag="672" ind1=" " ind2="0">
      <subfield code="a">Reimmann, Jacob F.: Bibliotheca acroamatica theologia, iuridica, medica, philosophica ..</subfield>
      <subfield code="f">1712</subfield>
    </datafield>
    <datafield tag="678" ind1=" " ind2=" ">
      <subfield code="b">Dt. ev. Theologe und Universalgelehrter; Student in Jena; Rektor in Halberstadt; 1714 Diakon in Magdeburg; ab 1717 Superintendent in Hildesheim</subfield>
    </datafield>
    <datafield tag="913" ind1=" " ind2=" ">
      <subfield code="S">pnd</subfield>
      <subfield code="i">a</subfield>
      <subfield code="a">Reimmann, Jacob Friedrich</subfield>
      <subfield code="0">(DE-588a)118599291</subfield>
    </datafield>
    <datafield tag="913" ind1=" " ind2=" ">
      <subfield code="S">pnd</subfield>
      <subfield code="i">a</subfield>
      <subfield code="a">Reimmann, Jacob F.</subfield>
      <subfield code="0">(DE-588a)172328489</subfield>
    </datafield>
    <datafield tag="913" ind1=" " ind2=" ">
      <subfield code="S">pnd</subfield>
      <subfield code="i">a</subfield>
      <subfield code="a">Reimmann, Jacob F.</subfield>
      <subfield code="0">(DE-588a)174128290</subfield>
    </datafield>
  </record>
